@inproceedings{mockus2005predictors,
  title={Predictors of customer perceived software quality},
  author={Mockus, Audris and Zhang, Ping and Li, Paul Luo},
  booktitle={Software Engineering, 2005. ICSE 2005. Proceedings. 27th International Conference on},
  pages={225--233},
  year={2005},
  organization={IEEE}
}
@inproceedings{li2011characterizing,
  title={Characterizing the differences between pre-and post-release versions of software},
    author={Li, Paul Luo and Kivett, Ryan and Zhan, Zhiyuan and Jeon, Sung-eok and Nagappan, Nachiappan and Murphy, Brendan and Ko, Andrew J},
	   booktitle={Proceedings of the 33rd International Conference on Software Engineering},
		  pages={716--725},
		    year={2011},
			   organization={ACM}
				}
@misc{ npmdl,
   author = "Laurie Voss",
   title = "numeric precision matters: how npm download counts work",
   year = "2014",
   url = "https://blog.npmjs.org/post/92574016600/numeric-precision-matters-how-npm-download-counts"
 }
@article{kenny1993estimating,
  title={Estimating defects in commercial software during operational use},
    author={Kenny, Garrison Q},
	   journal={IEEE Transactions on Reliability},
		  volume={42},
		    number={1},
   pages={107--115},
  year={1993},
    publisher={IEEE}
}


@article{fenton2007predicting,
  title={Predicting software defects in varying development lifecycles using Bayesian nets},
    author={Fenton, Norman and Neil, Martin and Marsh, William and Hearty, Peter and Marquez, David and Krause, Paul and Mishra, Rajat},
	   journal={Information and Software Technology},
		  volume={49},
		    number={1},
			   pages={32--43},
				  year={2007},
				    publisher={Elsevier}
}
@inproceedings{yu2002predicting,
  title={Predicting fault-proneness using OO metrics. An industrial case study},
    author={Yu, Ping and Systa, Tarja and Muller, Hausi},
	   booktitle={Software Maintenance and Reengineering, 2002. Proceedings. Sixth European Conference on},
		  pages={99--107},
		    year={2002},
			   organization={IEEE}
}
@article{subramanyam2003empirical,
  title={Empirical analysis of ck metrics for object-oriented design complexity: Implications for software defects},
    author={Subramanyam, Ramanath and Krishnan, Mayuram S.},
	   journal={IEEE Transactions on software engineering},
		  volume={29},
		    number={4},
			   pages={297--310},
				  year={2003},
				    publisher={IEEE}
}
@article{briand2000exploring,
  title={Exploring the relationships between design measures and software quality in object-oriented systems},
    author={Briand, Lionel C and W{\"u}st, J{\"u}rgen and Daly, John W and Porter, D Victor},
	   journal={Journal of systems and software},
		  volume={51},
		    number={3},
			   pages={245--273},
				  year={2000},
				    publisher={Elsevier}
}

@InCollection{Changes07,
  author =	 {Audris Mockus},
    editor =	 {Basili, V and et al},
	   booktitle = 	 {Empirical Software Engineering Issues: Critical Assessments and Future Directions},
		  title = 	 {Software Support Tools and Experimental Work},
		    publisher = 	 {Springer},
			   year = 	 2007,
				  volume = {LNCS 4336},
				    pages =	 {91--99},
					   url = {papers/SSTaEW.pdf}
}
						

@inproceedings{khomh2012faster,
  title={Do faster releases improve software quality?: an empirical case study of Mozilla Firefox},
  author={Khomh, Foutse and Dhaliwal, Tejinder and Zou, Ying and Adams, Bram},
  booktitle={Proceedings of the 9th IEEE Working Conference on Mining Software Repositories},
  pages={179--188},
  year={2012},
  organization={IEEE Press}
}
@article{perez2006supervised,
  title={Supervised classification with conditional gaussian networks: Increasing the structure complexity from naive bayes},
  author={Perez, Aritz and Larranaga, Pedro and Inza, Inaki},
  journal={International Journal of Approximate Reasoning},
  volume={43},
  number={1},
  pages={1--25},
  year={2006},
  publisher={Elsevier}
}
@Article{arulesR,
  title = {The arules R-Package Ecosystem: Analyzing Interesting Patterns from Large Transaction Datasets},
  author = {Michael Hahsler and Sudheer Chelluboina and Kurt Hornik and Christian Buchta},
  year = {2011},
  journal = {Journal of Machine Learning Research},
  volume = {12},
  pages = {1977--1981},
  url = {http://jmlr.csail.mit.edu/papers/v12/hahsler11a.html},
}
@techreport{learning-with-bayesian,
author = {Heckerman, David},
title = {A Tutorial on Learning With Bayesian Networks},
year = {1995},
month = {March},
url = {https://www.microsoft.com/en-us/research/publication/a-tutorial-on-learning-with-bayesian-networks/},
pages = {57}
}
@article{garcia2013survey,
  title={A survey of discretization techniques: Taxonomy and empirical analysis in supervised learning},
  author={Garcia, Salvador and Luengo, Julian and S{\'a}ez, Jos{\'e} Antonio and Lopez, Victoria and Herrera, Francisco},
  journal={IEEE Transactions on Knowledge and Data Engineering},
  volume={25},
  number={4},
  pages={734--750},
  year={2013},
  publisher={IEEE}
}
@inproceedings{van2000model,
  title={Model selection criteria for learning belief nets: An empirical comparison},
  author={Van Allen, Tim and Greiner, Russell},
  booktitle={MACHINE LEARNING-INTERNATIONAL WORKSHOP THEN CONFERENCE-},
  pages={1047--1054},
  year={2000}
}
@InProceedings{MZL05,
  author = 	 {Mockus, Audris and Zhang, Ping and Li, Paul},
  title = 	 {Drivers for Customer Perceived Software Quality},
  booktitle = 	 {ICSE 2005},
  year =	 2005,
  address =	 {St Louis, Missouri},
  month =	 {May},
  publisher =	 {ACM Press},
  pages = {225-233},
  url = {http://dl.acm.org/authorize?860140}
}
@article{yang2002comparison,
  title={Comparison of score metrics for Bayesian network learning},
  author={Yang, Shulin and Chang, Kuo-Chu},
  journal={IEEE Transactions on Systems, Man, and Cybernetics-Part A: Systems and Humans},
  volume={32},
  number={3},
  pages={419--428},
  year={2002},
  publisher={IEEE}
}
@article{fenton2002software,
  title={Software measurement: Uncertainty and causal modeling},
  author={Fenton, Norman and Krause, Paul and Neil, Martin},
  journal={IEEE software},
  volume={19},
  number={4},
  pages={116--122},
  year={2002},
  publisher={IEEE}
}
@inproceedings{rotella2011implementing,
  title={Implementing quality metrics and goals at the corporate level},
  author={Rotella, Pete and Chulani, Sunita},
  booktitle={Proceedings of the 8th Working Conference on Mining Software Repositories},
  pages={113--122},
  year={2011},
  organization={ACM}
}
@inproceedings{rubin2016challenges,
  title={The challenges of staying together while moving fast: An exploratory study},
  author={Rubin, Julia and Rinard, Martin},
  booktitle={Proceedings of the 38th International Conference on Software Engineering},
  pages={982--993},
  year={2016},
  organization={ACM}
}
@article{dalal1988should,
  title={When should one stop testing software?},
  author={Dalal, Siddharta R and Mallows, Collin L},
  journal={Journal of the American Statistical Association},
  volume={83},
  number={403},
  pages={872--879},
  year={1988},
  publisher={Taylor \& Francis}
}
@article{kitchenham1996software,
  title={Software quality: the elusive target [special issues section]},
  author={Kitchenham, Barbara and Pfleeger, Shari Lawrence},
  journal={IEEE software},
  volume={13},
  number={1},
  pages={12--21},
  year={1996},
  publisher={IEEE}
}
@inproceedings{boehm1976quantitative,
  title={Quantitative evaluation of software quality},
  author={Boehm, Barry W and Brown, John R and Lipow, Mlity},
  booktitle={Proceedings of the 2nd international conference on Software engineering},
  pages={592--605},
  year={1976},
  organization={IEEE Computer Society Press}
}
@article{chickering1996learning,
  title={Learning Bayesian networks is NP-complete},
  author={Chickering, David Maxwell},
  journal={Learning from data: Artificial intelligence and statistics V},
  volume={112},
  pages={121--130},
  year={1996}
}

@InProceedings{amhp14,
  author =       {Anh Nguyen Duc and Audris Mockus and Randy Hackbarth and John Palframan},
  title =        {Forking and coordination in multi-platform development: a case study},
  booktitle = {ESEM},
  year =         2014,
  month =        {September},
   pages = {59:1--59:10},
 address =       {Torino, Italy},
  url1 = "papers/mp.pdf",
  url = {http://dl.acm.org/authorize?N14215}
}
@article{cooper1995bayesian,
  title={A Bayesian method for learning belief networks that contain hidden variables},
  author={Cooper, Gregory F},
  journal={J. Intell. Inf. Syst.},
  volume={4},
  number={1},
  pages={71--88},
  year={1995}
}

@article{stamelos2003use,
  title={On the use of Bayesian belief networks for the prediction of software productivity},
  author={Stamelos, Ioannis and Angelis, Lefteris and Dimou, Panagiotis and Sakellaris, Evaggelos},
  journal={Information and Software Technology},
  volume={45},
  number={1},
  pages={51--60},
  year={2003},
  publisher={Elsevier}
}
@article{pendharkar2005probabilistic,
  title={A probabilistic model for predicting software development effort},
  author={Pendharkar, Parag C and Subramanian, Girish H and Rodger, James A},
  journal={IEEE Transactions on software engineering},
  volume={31},
  number={7},
  pages={615--624},
  year={2005},
  publisher={IEEE}
}

@ARTICLE{hmps15,
author={Hackbarth, R. and Mockus, A. and Palframan, J. and Sethi, R.},
journal={Software, IEEE},
title={Customer Quality Improvement of Software Systems},
year={2016},
volume={33},
number={4},
pages={40--45},
 url = {papers/cqm2.pdf}
}
@Article{HM03a,
  author =   {Herbsleb, J. D. and Mockus, A.},
  title =    {An Empirical Study of Speed and Communication in Globally-Distributed Software Development},
  journal =     {IEEE Transactions on Software Engineering},
  year =     2003,
  month =    {June},
  volume =   29,
  number =   6,
  pages =    {481--494},
  url = { papers/delay.pdf }
}

@InProceedings{MHP13,
  author =   {Audris Mockus and Randy Hackbarth and John Palframan},
  title =    {Risky Files: An Approach to Focus Quality Improvement Effort},
  booktitle = {9th Joint Meeting of
the European Software Engineering Conference and
the ACM SIGSOFT Symposium
on the Foundations of Software Engineering},
 pages = {691--694},
  year =     2013,
  url = {http://dl.acm.org/authorize?6845890},
  slides = {papers/fse13risky.pdf}
}
@ARTICLE{Gansner00anopen,
    author = {Emden R. Gansner and Stephen C. North},
    title = {An open graph visualization system and its applications to software engineering},
    journal = {SOFTWARE - PRACTICE AND EXPERIENCE},
    year = {2000},
    volume = {30},
    number = {11},
    pages = {1203--1233}
}
@InProceedings{M14,
  author =   {Audris Mockus},
  title =    {Engineering Big Data Solutions},
  booktitle = {ICSE'14 FOSE},
  pages = {85--99},
  year =     2014,
  url1={papers/BigData.pdf},
  url = {http://dl.acm.org/authorize?N14216},
  slides={papers/bigdata-slides.pdf}
}
@InProceedings{IQ08,
  author =   {Mockus, Audris and Weiss, David},
  title =    {Interval Quality: Relating Customer-Perceived Quality To
Process Quality},
  booktitle = {2008 International Conference on Software Engineering},
  year =     2008,
  address =     {Leipzig, Germany},
  month =    {May 10--18},
  pages = {733--740},
  publisher = {ACM Press},
  url = "http://dl.acm.org/authorize?063910",
  acmurl = "http://doi.acm.org/10.1145/1368088.1368190",
  slides = "papers/tele06-mockusslides.pdf"
}
@article{zhang2015towards,
  title={Towards building a universal defect prediction model with rank transformed predictors},
  author={Zhang, Feng and Mockus, Audris and Keivanloo, Iman and Zou, Ying},
  journal={Empirical Software Engineering},
  pages={1--39},
  year={2015},
  publisher={Springer}
}
@Article{KSAHMSU13,
  author =   {Yasutaka Kamei and Emad Shihab and Bram Adams and Ahmed E. Hassan and Audris Mockus and Anand Sinha and Naoyasu Ubayashi},
  title = {A Large-Scale Empirical Study of Just-In-Time Quality Assurance},
  journal = {IEEE Transactions on Software Engineering},
year={2013},
volume={39},
number={6},
pages={757-773},
  url = {http://doi.ieeecomputersociety.org/10.1109/TSE.2012.70}
}

@Article{MW00,
  author =   {Audris Mockus and David M. Weiss},
  title =    {Predicting Risk of Software Changes},
  journal =     {Bell Labs Technical Journal},
  year =     {2000},
  volume =   {5},
  number =   {2},
  month =    {April--June},
  pages =        {169-180},
  url = {papers/bltj13.pdf}
}

  @Manual{R,
    title = {R: A Language and Environment for Statistical Computing},
    author = {{R Core Team}},
    organization = {R Foundation for Statistical Computing},
    address = {Vienna, Austria},
    year = {2017},
    url = {https://www.R-project.org/},
  }
@Article{bnlearnR,
    title = {Learning Bayesian Networks with the bnlearn R Package.},
    author = {{Marco Scutari}},
    year = {2010},
    journal = {Journal of Statistical Software},
    volume = {35},
    number = {3},
    pages = {1-22},
    url = {http://www.jstatsoft.org/v35/i03/}

  }
  @Article{plyrR,
    title = {The Split-Apply-Combine Strategy for Data Analysis},
    author = {Hadley Wickham},
    journal = {Journal of Statistical Software},
    year = {2011},
    volume = {40},
    number = {1},
    pages = {1--29},
    url = {http://www.jstatsoft.org/v40/i01/},
  }
    @Book{ggplot2R,
    author = {{Hadley Wickham}},
    title = {ggplot2: Elegant Graphics for Data Analysis},
    publisher = {Springer-Verlag New York},
    year = {2009},
    isbn = {978-0-387-98140-6},
    url = {http://ggplot2.org},
  }
@inproceedings{chlebus1998finding,
  title={On finding optimal discretizations for two attributes},
  author={Chlebus, Bogdan S and Nguyen, Sinh Hoa},
  booktitle={International Conference on Rough Sets and Current Trends in Computing},
  pages={537--544},
  year={1998},
  organization={Springer}
}
@Manual{ggallyR,
    title = {GGally: Extension to 'ggplot2'},
    author = {Barret Schloerke and Jason Crowley and Di Cook and Francois Briatte and Moritz Marbach and Edwin Thoen and Amos Elberg and Joseph Larmarange},
    year = {2016},
    note = {R package version 1.3.0},
    url = {https://CRAN.R-project.org/package=GGally},
  }
   @Manual{psychR,
    title = {psych: Procedures for Psychological, Psychometric, and Personality Research},
    author = {William Revelle},
    organization = { Northwestern University},
    address = { Evanston, Illinois},
    year = {2016},
    note = {R package version 1.6.12},
    url = {https://CRAN.R-project.org/package=psych},
  }
  @Manual{dcR,
    title = {DataCombine: Tools for Easily Combining and Cleaning Data Sets},
    author = {Christopher Gandrud},
    year = {2016},
    note = {R package version 0.2.21},
    url = {https://CRAN.R-project.org/package=DataCombine},
  }

    @Article{reshapeR,
    author = {{Wickham} and {Hadley}},
    journal = {Journal of Statistical Software},
    number = {12},
    title = {Reshaping data with the reshape package},
    url = {http://www.jstatsoft.org/v21/i12/paper},
    volume = {21},
    year = {2007},
  }
  @Manual{dealR,
    title = {deal: Learning Bayesian Networks with Mixed Variables},
    author = {Susanne Gammelgaard Bottcher and Claus Dethlefsen.},
    year = {2013},
    note = {R package version 1.2-37},
    url = {https://CRAN.R-project.org/package=deal},
  }
  @Manual{Rgraphviz,
    title = {Rgraphviz: Provides plotting capabilities for R graph objects},
    author = {Kasper Daniel Hansen and Jeff Gentry and Li Long and Robert Gentleman and Seth Falcon and Florian Hahne and Deepayan Sarkar},
    year = {2016},
    note = {R package version 2.18.0},
  }
  @Manual{catnetR,
    title = {catnet: Categorical Bayesian Network Inference},
    author = {Nikolay Balov and Peter Salzman},
    year = {2016},
    note = {R package version 1.15.0},
    url = {https://CRAN.R-project.org/package=catnet},
  }
@Article{pcalgR,
    title = {Characterization and greedy learning of interventional Markov equivalence classes of directed acyclic graphs },
    author = {{Alain Hauser, Peter Buehlmann}},
    year = {2012},
    journal = {Journal of Machine Learning Research,},
    volume = {13},
    pages = {2409-2464},
    url = {http://jmlr.org/papers/v13/hauser12a.html}
  }

@book{koller2009probabilistic,
  title={Probabilistic graphical models: principles and techniques},
  author={Koller, Daphne and Friedman, Nir},
  year={2009},
  publisher={MIT press}
}
@article{nagarajan2013bayesian,
  title={Bayesian networks in R},
  author={Nagarajan, Radhakrishnan and Scutari, Marco and L{\`e}bre, Sophie},
  journal={Springer},
  volume={122},
  pages={125--127},
  year={2013},
  publisher={Springer}
}
@article{scutari2009structure,
  title={Structure variability in Bayesian networks},
  author={Scutari, Marco},
  journal={arXiv preprint arXiv:0909.1685},
  year={2009}
}
@phdthesis{hartemink2001principled,
  title={Principled computational methods for the validation and discovery of genetic regulatory networks},
  author={Hartemink, Alexander John},
  year={2001},
  school={Massachusetts Institute of Technology}
}
@article{pearl2011bayesian,
  title={Bayesian networks},
  author={Pearl, Judea},
  journal={Department of Statistics, UCLA},
  year={2011}
}

@book{spirtes2000causation,
  title={Causation, prediction, and search},
  author={Spirtes, Peter and Glymour, Clark N and Scheines, Richard},
  year={2000},
  publisher={MIT press}
}
@Misc{bnppt,
key = "bnppt",
title =   {Learning Bayesian Networks in R, an Example in Systems Biology},
author = {Marco Scutari},
year={2013},
note = {\url{http://www.bnlearn.com/about/slides/slides-useRconf13.pdf}}
}
@Misc{grppt,
key = "grppt",
title =   {AN INTRODUCTION TO GRAPHICAL MODELS},
author = {Michael I. Jordan},
note = {\url{http://www.cis.upenn.edu/~mkearns/papers/barbados/jordan-tut.pdf}}
}
@misc{mockuskeynote,
  title={Law of minor release: More bugs implies better software quality},
  author={Audris Mockus},
  year={2013},
  note = {International Workshop on Principles of Software Evolution, St Petersburg, Russia, Aug 18-19 2013. Keynote}, 
  howpublished ={http://mockus.org/papers/IWPSE13.pdf},
}
@Misc{caper,
key = "caper",
title =   {SOFTWARE QUALITY IN 2011: A SURVEY OF THE STATE OF THE ART},
author = {Caper Jones},
year={2011},
howpublished = {\url{http://sqgne.org/presentations/2011-12/Jones-Sep-2011.pdf}},
note = {President, Namcook Analytics LLC, www.Namcook.com Email:
Capers.Jones3@GMAILcom}
}
@article{scutari2010introduction,
  title={Introduction to graphical modelling},
  author={Scutari, Marco and Strimmer, Korbinian},
  journal={arXiv preprint arXiv:1005.1036},
  year={2010}
}
@Misc{miscG1,
key = "miscG1",
title =   {A Tutorial on  Inference and Learning  in Bayesian Networks},
author = {Irina Rish},
note = {\url{http://www.ee.columbia.edu/~vittorio/Lecture12.pdf}}
}
@inproceedings{mockus2008interval,
 title={Interval quality: Relating customer-perceived quality to process quality},
 author={Mockus, Audris and Weiss, David},
 booktitle={Proceedings of the 30th international conference on Software engineering},
 pages={723--732},
 year={2008},
 organization={ACM}
}
@article{hackbarth2016improving,
 title={Improving software quality as customers perceive it},
 author={Hackbarth, Randy and Mockus, Audris and Palframan, John and Sethi, Ravi},
 journal={IEEE Software},
 volume={33},
 number={4},
 pages={40--45},
 year={2016},
 publisher={IEEE}
}
@book{kan2002metrics,
  title={Metrics and models in software quality engineering},
  author={Kan, Stephen H},
  year={2002},
  publisher={Addison-Wesley Longman Publishing Co., Inc.}
}
@book{schulmeyer1992handbook,
  title={Handbook of software quality assurance},
  author={Schulmeyer, Gordon Gordon and McManus, James I},
  year={1992},
  publisher={Van Nostrand Reinhold Co.}
}

@article{fenton1999critique,
  title={A critique of software defect prediction models},
  author={Fenton, Norman E and Neil, Martin},
  journal={IEEE Transactions on software engineering},
  volume={25},
  number={5},
  pages={675--689},
  year={1999},
  publisher={IEEE}
}
@article{fenton2008using,
  title={Using Bayesian networks to predict software defects and reliability},
  author={Fenton, N and Neil, Martin and Marquez, D},
  journal={Proceedings of the Institution of Mechanical Engineers, Part O: Journal of Risk and Reliability},
  volume={222},
  number={4},
  pages={701--712},
  year={2008},
  publisher={SAGE Publications Sage UK: London, England}
}


@Misc{crittercism12,
title = {Do iOS Apps Crash More Than Android Apps? A Data Dive},
author = {Tomio Geron},
year=2012,
note = {\url{https://www.forbes.com/sites/tomiogeron/2012/02/02/does-ios-crash-more-than-android-a-data-dive}}
}
@inproceedings{friedman1999data,
  title={Data analysis with Bayesian networks: A bootstrap approach},
  author={Friedman, Nir and Goldszmidt, Moises and Wyner, Abraham},
  booktitle={Proceedings of the Fifteenth conference on Uncertainty in artificial intelligence},
  pages={196--205},
  year={1999},
  organization={Morgan Kaufmann Publishers Inc.}
}
@book{menard1995applied,
  title={Applied logistic regression analysis},
  author={Menard, Scott W},
  number={04; e-book.},
  year={1995}
}
@InProceedings{zmz15,
  author = 	 {Zheng, Qimu and Mockus, Audris and Zhou, Minghui},
  title = 	 {A Method to Identify and Correct Problematic Software Activity Data: Exploiting Capacity Constraints and Data Redundancies},
  booktitle = {{ESEC/FSE'15}},
  year = 	 2015,
  address = 	 {Bergamo, Italy},
  publisher = {ACM},
   pages = {637--648},
   url = {http://dl.acm.org/authorize?N14200},
   url1 = "papers/correct-preprint.pdf"
}
@article{shmueli2010explain,
  title={To explain or to predict?},
  author={Shmueli, Galit},
  journal={Statistical science},
  pages={289--310},
  year={2010},
  publisher={JSTOR}
}
@article{sober2002instrumentalism,
  title={Instrumentalism, parsimony, and the Akaike framework},
  author={Sober, Elliott},
  journal={Philosophy of Science},
  volume={69},
  number={S3},
  pages={S112--S123},
  year={2002},
  publisher={The University of Chicago Press}
}
@inproceedings{neil1996predicting,
  title={Predicting software quality using Bayesian belief networks},
  author={Neil, Martin and Fenton, Norman},
  booktitle={Proceedings of the 21st Annual Software Engineering Workshop},
  pages={217--230},
  year={1996},
  organization={NASA Goddard Space Flight Centre}
}
@article{pai2007empirical,
  title={Empirical analysis of software fault content and fault proneness using Bayesian methods},
  author={Pai, Ganesh J and Dugan, Joanne Bechta},
  journal={IEEE Transactions on software Engineering},
  volume={33},
  number={10},
  pages={675--686},
  year={2007},
  publisher={IEEE}
}
@article{okutan2014software,
  title={Software defect prediction using Bayesian networks},
  author={Okutan, Ahmet and Y{\i}ld{\i}z, Olcay Taner},
  journal={Empirical Software Engineering},
  volume={19},
  number={1},
  pages={154--181},
  year={2014},
  publisher={Springer}
}
@inproceedings{dey2018modeling,
  title={Modeling Relationship between Post-Release Faults and Usage in Mobile Software},
  author={Dey, Tapajit and Mockus, Audris},
  booktitle={Proceedings of the 14th International Conference on Predictive Models and Data Analytics in Software Engineering},
  pages={56--65},
  year={2018},
  organization={ACM}
}
@misc{ npmpop,
   author = "Laurie Voss",
   title = "The State of JavaScript Frameworks, 2017",
   year = "2018",
   url = "https://www.npmjs.com/npm/state-of-javascript-frameworks-2017-part-1"
}
@misc{ npmpkg,
   year = "2014",
   author = "David",
   url = "https://developers.slashdot.org/story/17/01/14/
   0222245/nodejss-npm-is-now-the-largest-package-registry-in-the-world"
}
@inproceedings{borges2016understanding,
  title={Understanding the factors that impact the popularity of GitHub repositories},
  author={Borges, Hudson and Hora, Andre and Valente, Marco Tulio},
  booktitle={Software Maintenance and Evolution (ICSME), 2016 IEEE International Conference on},
  pages={334--344},
  year={2016},
  organization={IEEE}
}
@inproceedings{wittern2016look,
  title={A look at the dynamics of the JavaScript package ecosystem},
  author={Wittern, Erik and Suter, Philippe and Rajagopalan, Shriram},
  booktitle={Mining Software Repositories (MSR), 2016 IEEE/ACM 13th Working Conference on},
  pages={351--361},
  year={2016},
  organization={IEEE}
}
@inproceedings{zerouali2018empirical,
  title={An empirical analysis of technical lag in npm package dependencies},
  author={Zerouali, Ahmed and Constantinou, Eleni and Mens, Tom and Robles, Gregorio and Gonz{\'a}lez-Barahona, Jes{\'u}s},
  booktitle={International Conference on Software Reuse},
  pages={95--110},
  year={2018},
  organization={Springer}
}
@inproceedings{abdalkareem2017developers,
  title={Why do developers use trivial packages? an empirical case study on npm},
  author={Abdalkareem, Rabe and Nourry, Olivier and Wehaibi, Sultan and Mujahid, Suhaib and Shihab, Emad},
  booktitle={Proceedings of the 2017 11th Joint Meeting on Foundations of Software Engineering},
  pages={385--395},
  year={2017},
  organization={ACM}
}
@MISC {negRsq,
    TITLE = {When is R squared negative?},
    AUTHOR = {Harvey Motulsky (https://stats.stackexchange.com/users/25/harvey-motulsky)},
    HOWPUBLISHED = {Cross Validated},
    NOTE = {URL:https://stats.stackexchange.com/q/12991 (version: 2014-05-06)},
    EPRINT = {https://stats.stackexchange.com/q/12991},
    URL = {https://stats.stackexchange.com/q/12991}
}
@MISC {ols,
    TITLE = {Assumptions to derive OLS estimator},
    AUTHOR = {Repmat (https://stats.stackexchange.com/users/71364/repmat)},
    HOWPUBLISHED = {Cross Validated},
    NOTE = {URL:https://stats.stackexchange.com/q/149111 (version: 2015-04-30)},
    EPRINT = {https://stats.stackexchange.com/q/149111},
    URL = {https://stats.stackexchange.com/q/149111}
}
@article{pearl2014probabilistic,
  title={Probabilistic reasoning in intelligent systems: networks of plausible inference},
  author={Pearl, Judea},
  year={2014},
  publisher={Elsevier}
}
@article{mcintosh2015emse,
 author = {Mcintosh, Shane and Kamei, Yasutaka and Adams, Bram and Hassan, Ahmed E.},
 title = {An Empirical Study of the Impact of Modern Code Review Practices on Software Quality},
 journal = {Empirical Softw. Engg.},
 issue_date = {October   2016},
 volume = {21},
 number = {5},
 month = oct,
 year = {2016},
 issn = {1382-3256},
 pages = {2146--2189},
 numpages = {44},
 url = {http://dx.doi.org/10.1007/s10664-015-9381-9},
 doi = {10.1007/s10664-015-9381-9},
 acmid = {2992439},
 publisher = {Kluwer Academic Publishers},
 address = {Hingham, MA, USA},
 keywords = {Code review, Software quality},
} 
@inproceedings{mcintosh2014impact,
  title={The impact of code review coverage and code review participation on software quality: A case study of the qt, vtk, and itk projects},
  author={McIntosh, Shane and Kamei, Yasutaka and Adams, Bram and Hassan, Ahmed E},
  booktitle={Proceedings of the 11th Working Conference on Mining Software Repositories},
  pages={192--201},
  year={2014},
  organization={ACM}
}
@inproceedings{rigby2013convergent,
  title={Convergent contemporary software peer review practices},
  author={Rigby, Peter C and Bird, Christian},
  booktitle={Proceedings of the 2013 9th Joint Meeting on Foundations of Software Engineering},
  pages={202--212},
  year={2013},
  organization={ACM}
}
@inproceedings{kononenko2015investigating,
  title={Investigating code review quality: Do people and participation matter?},
  author={Kononenko, Oleksii and Baysal, Olga and Guerrouj, Latifa and Cao, Yaxin and Godfrey, Michael W},
  booktitle={Software Maintenance and Evolution (ICSME), 2015 IEEE International Conference on},
  pages={111--120},
  year={2015},
  organization={IEEE}
}


